@ARTICLE{sugiyama,
	title = {{M}ethods for {V}isual {U}nderstanding of {H}ierarchical {S}ystem {S}tructures},
    journal = {IEEE Transactions on Systems, Man and Cybernetics},
	author = {Sugiyama, Kozo; Tagawa, Shojiro; Toda Mitsuhiko},
	year = {1981},
	volume = {11},
	pages = {109-125},
	number = {2},
    ISSN = {0018-9472},
	month = {Feb}
}

% 10802651 
@Article{GO,
   Author="Ashburner, M.  and Ball, C. A.  and Blake, J. A.  and Botstein, D.  and Butler, H.  and Cherry, J. M.  and Davis, A. P.  and Dolinski, K.  and Dwight, S. S.  and Eppig, J. T.  and Harris, M. A.  and Hill, D. P.  and Issel-Tarver, L.  and Kasarskis, A.  and Lewis, S.  and Matese, J. C.  and Richardson, J. E.  and Ringwald, M.  and Rubin, G. M.  and Sherlock, G. ",
   Title="{{G}ene ontology: tool for the unification of biology. {T}he {G}ene {O}ntology {C}onsortium}",
   Journal="Nat. Genet.",
   Year="2000",
   Volume="25",
   Number="1",
   Pages="25--29",
   Month="May"
}

% 15892872 
@Article{SO,
   Author="Eilbeck, K.  and Lewis, S. E.  and Mungall, C. J.  and Yandell, M.  and Stein, L.  and Durbin, R.  and Ashburner, M. ",
   Title="{{T}he {S}equence {O}ntology: a tool for the unification of genome annotations}",
   Journal="Genome Biol.",
   Year="2005",
   Volume="6",
   Number="5",
   Pages="R44"
}

% 14597658 
@Article{cytoscape,
   Author="Shannon, P.  and Markiel, A.  and Ozier, O.  and Baliga, N. S.  and Wang, J. T.  and Ramage, D.  and Amin, N.  and Schwikowski, B.  and Ideker, T. ",
   Title="{{C}ytoscape: a software environment for integrated models of biomolecular interaction networks}",
   Journal="Genome Res.",
   Year="2003",
   Volume="13",
   Number="11",
   Pages="2498--2504",
   Month="Nov"
}

@misc{backbone,
	Title = "Backbone",
    howpublished = "\url{http://backbone.org}"
}
@misc{d3,
	Title = "D3",
    howpublished = "\url{https://github.com/mbostock/d3}"
}
@misc{dagre-d3,
	Title = "dagre-d3",
    howpublished = "\url{https://github.com/cpettitt/dagre-d3}"
}

@Article{biojs,
   Author="Gomez, J.  and Garcia, L. J.  and Salazar, G. A.  and Villaveces, J.  and Gore, S.  and Garcia, A.  and Martin, M. J.  and Launay, G.  and Alcantara, R.  and Del-Toro, N.  and Dumousseau, M.  and Orchard, S.  and Velankar, S.  and Hermjakob, H.  and Zong, C.  and Ping, P.  and Corpas, M.  and Jimenez, R. C. ",
   Title="{{B}io{J}{S}: an open source {J}ava{S}cript framework for biological data visualization}",
   Journal="Bioinformatics",
   Year="2013",
   Volume="29",
   Number="8",
   Pages="1103--1104",
   Month="Apr"
}

@misc{site:biojs-registry,
  Title = "BioJS Project Registry",
  howpublished = "\url{http://www.ebi.ac.uk/Tools/biojs/registry}"
}
@misc{site:biojs-doc,
  Title = "BioJS Project API documentation",
  howpublished = "\url{http://www.ebi.ac.uk/Tools/biojs/jsdoc}"
}
@misc{graphviz,
  Title = "GraphViz",
  howpublished = "\url{http://www.graphviz.org/}"
  }

% InterMine 23023984 
@Article{intermine,
   Author="Smith, R. N.  and Aleksic, J.  and Butano, D.  and Carr, A.  and Contrino, S.  and Hu, F.  and Lyne, M.  and Lyne, R.  and Kalderimis, A.  and Rutherford, K.  and Stepan, R.  and Sullivan, J.  and Wakeling, M.  and Watkins, X.  and Micklem, G. ",
   Title="{{I}nter{M}ine: a flexible data warehouse system for the integration and analysis of heterogeneous biological data}",
   Journal="Bioinformatics",
   Year="2012",
   Volume="28",
   Number="23",
   Pages="3163--3165",
   Month="Dec"
}

% InterMOD 23652793 
@Article{intermod,
   Author="Sullivan, J.  and Karra, K.  and Moxon, S. A.  and Vallejos, A.  and Motenko, H.  and Wong, J. D.  and Aleksic, J.  and Balakrishnan, R.  and Binkley, G.  and Harris, T.  and Hitz, B.  and Jayaraman, P.  and Lyne, R.  and Neuhauser, S.  and Pich, C.  and Smith, R. N.  and Trinh, Q.  and Cherry, J. M.  and Richardson, J.  and Stein, L.  and Twigger, S.  and Westerfield, M.  and Worthey, E.  and Micklem, G. ",
   Title="{{I}nter{M}{O}{D}: integrated data and tools for the unification of model organism research}",
   Journal="Sci Rep",
   Year="2013",
   Volume="3",
   Pages="1802"
}

